<?xml version="1.0" encoding="UTF-8"?>
<OAI-PMH xmlns="http://www.openarchives.org/OAI/2.0/" xmlns:xsi="http://www.w3.org/2001/XMLSchema-instance" xsi:schemaLocation="http://www.openarchives.org/OAI/2.0/ http://www.openarchives.org/OAI/2.0/OAI-PMH.xsd">
<ListRecords>
<record>
<header status="updated">
<identifier>urm_publish:71308451950002121</identifier>
</header>
<metadata>
<record xmlns="http://www.loc.gov/MARC21/slim" xmlns:xsi="http://www.w3.org/2001/XMLSchema-instance" xsi:schemaLocation="http://www.loc.gov/MARC21/slim http://www.loc.gov/standards/marcxml/schema/MARC21slim.xsd" ><leader>01503cam a2200337 a 4500</leader><controlfield tag="005">20130313144332.0</controlfield><controlfield tag="008">981117s1998    dcua         f000 0 spa d</controlfield><controlfield tag="001">999848878002121</controlfield><datafield tag="035" ind1=" " ind2=" "><subfield code="a">(OCoLC)40332918</subfield></datafield><datafield tag="035" ind1=" " ind2=" "><subfield code="9">AXT9431UW</subfield></datafield><datafield tag="035" ind1=" " ind2=" "><subfield code="a">(WU)4272940-uwmadisondb</subfield></datafield><datafield tag="040" ind1=" " ind2=" "><subfield code="a">GPO</subfield><subfield code="b">eng</subfield><subfield code="c">GPO</subfield><subfield code="d">DLC</subfield><subfield code="d">MvI</subfield><subfield code="d">MGPO</subfield></datafield><datafield tag="043" ind1=" " ind2=" "><subfield code="a">n-us---</subfield></datafield><datafield tag="074" ind1=" " ind2=" "><subfield code="a">14-A</subfield></datafield><datafield tag="086" ind1="0" ind2=" "><subfield code="a">A 1.68:1083-S/998</subfield></datafield><datafield tag="130" ind1="0" ind2=" "><subfield code="a">Travelers' tips on bringing food, plant, and animal products into the United States.</subfield><subfield code="l">Spanish.</subfield><subfield code="2">LCNAMES</subfield></datafield><datafield tag="245" ind1="1" ind2="0"><subfield code="a">Consejos a los viajeros para traer alimentos, plantas, y productos animales a los Estados Unidos.</subfield></datafield><datafield tag="264" ind1=" " ind2="1"><subfield code="a">[Washington, D.C.?] :</subfield><subfield code="b">Departamento de Agricultura de los Estados Unidos, Servicio de Inspección de Sanidad Agropecuaria,</subfield><subfield code="c">[1998]</subfield></datafield><datafield tag="300" ind1=" " ind2=" "><subfield code="a">11 pages, 1 unnumbered page :</subfield><subfield code="b">illustrations ;</subfield><subfield code="c">23 x 10 cm.</subfield></datafield><datafield tag="336" ind1=" " ind2=" "><subfield code="a">text</subfield><subfield code="b">txt</subfield><subfield code="2">rdacontent</subfield></datafield><datafield tag="337" ind1=" " ind2=" "><subfield code="a">unmediated</subfield><subfield code="b">n</subfield><subfield code="2">rdamedia</subfield></datafield><datafield tag="338" ind1=" " ind2=" "><subfield code="a">volume</subfield><subfield code="b">nc</subfield><subfield code="2">rdacarrier</subfield></datafield><datafield tag="490" ind1="1" ind2=" "><subfield code="a">Folleto ;</subfield><subfield code="v">no. 1083S</subfield></datafield><datafield tag="500" ind1=" " ind2=" "><subfield code="a">Spanish version of: Travelers' tips on bringing food, plant, and animal products into the United States.</subfield></datafield><datafield tag="500" ind1=" " ind2=" "><subfield code="a">"Revisado en septiembre de 1998"--P. [12].</subfield></datafield><datafield tag="650" ind1=" " ind2="0"><subfield code="a">Customs administration and tourism</subfield><subfield code="z">United States.</subfield><subfield code="2">LCSH</subfield><subfield code="0">41-LIBRARY_OF_CONGRESS-sh 85034975</subfield><subfield code="9">Y</subfield></datafield><datafield tag="650" ind1=" " ind2="0"><subfield code="a">International travel regulations</subfield><subfield code="z">United States.</subfield><subfield code="2">LCSH</subfield><subfield code="0">41-LIBRARY_OF_CONGRESS-sh 85067455</subfield><subfield code="9">Y</subfield></datafield><datafield tag="650" ind1=" " ind2="0"><subfield code="a">Quarantine</subfield><subfield code="z">United States.</subfield><subfield code="2">LCSH</subfield><subfield code="0">41-LIBRARY_OF_CONGRESS-sh2010109213</subfield><subfield code="9">Y</subfield></datafield><datafield tag="710" ind1="1" ind2=" "><subfield code="a">United States.</subfield><subfield code="b">Animal and Plant Health Inspection Service.</subfield><subfield code="2">LCNAMES</subfield><subfield code="0">41-LIBRARY_OF_CONGRESS-n  79110456</subfield><subfield code="9">Y</subfield></datafield><datafield tag="830" ind1=" " ind2="0"><subfield code="a">Program aid (United States. Department of Agriculture) ;</subfield><subfield code="v">no. 1083 S.</subfield></datafield><datafield tag="997" ind1=" " ind2=" "><subfield code="a">MARCIVE</subfield></datafield><datafield tag="650" ind1=" " ind2="0"><subfield code="a">Frontier formalities</subfield><subfield code="2">LCSH</subfield><subfield code="0">41-LIBRARY_OF_CONGRESS-sh 85067455</subfield><subfield code="9">N</subfield></datafield><datafield tag="650" ind1=" " ind2="0"><subfield code="a">Travel regulations, International</subfield><subfield code="2">LCSH</subfield><subfield code="0">41-LIBRARY_OF_CONGRESS-sh 85067455</subfield><subfield code="9">N</subfield></datafield><datafield tag="650" ind1=" " ind2="0"><subfield code="w">g</subfield><subfield code="a">Customs administration</subfield><subfield code="x">Law and legislation</subfield><subfield code="2">LCSH</subfield><subfield code="0">41-LIBRARY_OF_CONGRESS-sh 85067455</subfield><subfield code="9">R</subfield></datafield><datafield tag="650" ind1=" " ind2="0"><subfield code="w">g</subfield><subfield code="a">Travel</subfield><subfield code="2">LCSH</subfield><subfield code="0">41-LIBRARY_OF_CONGRESS-sh 85067455</subfield><subfield code="9">R</subfield></datafield><datafield tag="650" ind1=" " ind2="0"><subfield code="w">nne</subfield><subfield code="a">Customs administration and tourists</subfield><subfield code="2">LCSH</subfield><subfield code="0">41-LIBRARY_OF_CONGRESS-sh 85034975</subfield><subfield code="9">N</subfield></datafield><datafield tag="650" ind1=" " ind2="0"><subfield code="a">Tourism and customs administration</subfield><subfield code="2">LCSH</subfield><subfield code="0">41-LIBRARY_OF_CONGRESS-sh 85034975</subfield><subfield code="9">N</subfield></datafield><datafield tag="650" ind1=" " ind2="0"><subfield code="w">g</subfield><subfield code="a">Tourism</subfield><subfield code="2">LCSH</subfield><subfield code="0">41-LIBRARY_OF_CONGRESS-sh 85034975</subfield><subfield code="9">R</subfield></datafield><datafield tag="710" ind1="1" ind2=" "><subfield code="a">A.P.H.I.S.</subfield><subfield code="2">LCNAMES</subfield><subfield code="0">41-LIBRARY_OF_CONGRESS-n  79110456</subfield><subfield code="9">N</subfield></datafield><datafield tag="710" ind1="1" ind2=" "><subfield code="a">APHIS</subfield><subfield code="2">LCNAMES</subfield><subfield code="0">41-LIBRARY_OF_CONGRESS-n  79110456</subfield><subfield code="9">N</subfield></datafield><datafield tag="710" ind1="1" ind2=" "><subfield code="a">United States.</subfield><subfield code="b">Department of Agriculture.</subfield><subfield code="b">Animal and Plant Health Inspection Service</subfield><subfield code="2">LCNAMES</subfield><subfield code="0">41-LIBRARY_OF_CONGRESS-n  79110456</subfield><subfield code="9">N</subfield></datafield><datafield tag="710" ind1="1" ind2=" "><subfield code="a">United States.</subfield><subfield code="b">Department of Agriculture.</subfield><subfield code="b">Marketing and Regulatory Programs.</subfield><subfield code="b">Animal and Plant Health Inspection Service</subfield><subfield code="2">LCNAMES</subfield><subfield code="0">41-LIBRARY_OF_CONGRESS-n  79110456</subfield><subfield code="9">N</subfield></datafield><datafield tag="710" ind1="1" ind2=" "><subfield code="a">United States.</subfield><subfield code="b">Servicio de Inspección de Sanidad Agropecuaria</subfield><subfield code="2">LCNAMES</subfield><subfield code="0">41-LIBRARY_OF_CONGRESS-n  79110456</subfield><subfield code="9">N</subfield></datafield><datafield tag="710" ind1="1" ind2=" "><subfield code="a">United States.</subfield><subfield code="b">Sluzhba kontroli︠a︡ zdorov'i︠a︡ zhivotnykh i rasteniĭ</subfield><subfield code="2">LCNAMES</subfield><subfield code="0">41-LIBRARY_OF_CONGRESS-n  79110456</subfield><subfield code="9">N</subfield></datafield><datafield tag="710" ind1="1" ind2=" "><subfield code="w">a</subfield><subfield code="a">United States.</subfield><subfield code="b">Animal and Plant Health Service</subfield><subfield code="2">LCNAMES</subfield><subfield code="0">41-LIBRARY_OF_CONGRESS-n  79110456</subfield><subfield code="9">R</subfield></datafield><datafield tag="710" ind1="1" ind2=" "><subfield code="w">r</subfield><subfield code="i">Hierarchical superior:</subfield><subfield code="a">United States.</subfield><subfield code="b">Department of Agriculture.</subfield><subfield code="b">Marketing and Regulatory Programs</subfield><subfield code="2">LCNAMES</subfield><subfield code="0">41-LIBRARY_OF_CONGRESS-n  79110456</subfield><subfield code="9">R</subfield></datafield><datafield tag="INST" ind1=" " ind2=" "><subfield code="a">01UWI_NETWORK</subfield><subfield code="b">P</subfield><subfield code="c">71308451950002121</subfield></datafield><datafield tag="INST" ind1=" " ind2=" "><subfield code="a">01UWI_MAD</subfield><subfield code="b">P</subfield><subfield code="c">21612117220002122</subfield></datafield><datafield tag="INST" ind1=" " ind2=" "><subfield code="a">01UWI_WW</subfield><subfield code="b">P</subfield><subfield code="c">2191440510002133</subfield></datafield><datafield tag="AVA" ind1=" " ind2=" "><subfield code="0">9942729403602122</subfield><subfield code="8">22612117210002122</subfield><subfield code="a">01UWI_MAD</subfield><subfield code="b">STEENBOCK</subfield><subfield code="c">Documents</subfield><subfield code="d">A 1.68: 1083-S/998</subfield><subfield code="e">check_holdings</subfield><subfield code="j">doc</subfield><subfield code="k">3</subfield><subfield code="p">1</subfield><subfield code="q">Steenbock Library</subfield></datafield><datafield tag="AVA" ind1=" " ind2=" "><subfield code="0">995173583702133</subfield><subfield code="8">2291440500002133</subfield><subfield code="a">01UWI_WW</subfield><subfield code="b">WW</subfield><subfield code="c">Federal (US) Documents, 2nd Floor</subfield><subfield code="d">A 1.68:1083-S/998</subfield><subfield code="e">available</subfield><subfield code="f">1</subfield><subfield code="g">0</subfield><subfield code="j">USDO</subfield><subfield code="k">3</subfield><subfield code="p">1</subfield><subfield code="q">UW-Whitewater</subfield></datafield><datafield tag="MMS" ind1=" " ind2=" "><subfield code="b">999848878002121</subfield><subfield code="a">01UWI_NETWORK</subfield></datafield><datafield tag="MMS" ind1=" " ind2=" "><subfield code="b">9942729403602122</subfield><subfield code="a">01UWI_MAD</subfield></datafield><datafield tag="MMS" ind1=" " ind2=" "><subfield code="b">995173583702133</subfield><subfield code="a">01UWI_WW</subfield></datafield><datafield tag="BBB" ind1="3" ind2="1"><subfield code="x">aShipping list no.: 99-0024-P.</subfield><subfield code="8">22612117210002122</subfield><subfield code="A">01UWI_MAD</subfield></datafield></record>
</metadata>
</record>
</ListRecords>
</OAI-PMH>